@article{paatero1994,
  Author = {Paatero, Pentti and Tapper, Unto},
  Title = {Positive matrix factorization: A non-negative factor model with optimal utilization of error estimates of data values},
  Journal = {Environmetrics},
  Volume = {5},
  Year = {1994},
  Pages = {111--126},
  Keywords = {Principal components}
}

@article{lee99,
  added-at = {2009-09-09T09:12:51.000+0200},
  author = {Lee, Daniel D. and Seung, H. Sebastian},
  biburl = {https://www.bibsonomy.org/bibtex/2ba1100135fbba9782a6052b95e6f9b05/folke},
  interhash = {b293699f3a0541bd6fb1b10d7f9410ac},
  intrahash = {ba1100135fbba9782a6052b95e6f9b05},
  journal = {Nature},
  key = {Lee and Seung},
  keywords = {clustering factorization matrix multi toread view},
  pages = {788--791},
  timestamp = {2009-09-09T09:12:51.000+0200},
  title = {Learning the parts of objects by nonnegative matrix factorization},
  volume = 401,
  year = 1999
}

@article{Hamza2006,
 author = {Hamza, A.B. and Brady, D.J.},
 title = {Reconstruction of Reflectance Spectra Using Robust Nonnegative Matrix Factorization},
 journal = {Trans. Sig. Proc.},
 issue_date = {September 2006},
 volume = {54},
 number = {9},
 month = sep,
 year = {2006},
 issn = {1053-587X},
 pages = {3637--3642},
 numpages = {6},
 url = {http://dx.doi.org/10.1109/TSP.2006.879282},
 doi = {10.1109/TSP.2006.879282},
 acmid = {2205051},
 publisher = {IEEE Press},
 address = {Piscataway, NJ, USA},
 keywords = {Nonnegative matrix factorization, reflectance spectra, robust statistics},
}

@incollection{NIPS2000_1861,
title = {Algorithms for Non-negative Matrix Factorization},
author = {Daniel D. Lee and Seung, H. Sebastian},
booktitle = {Advances in Neural Information Processing Systems 13},
editor = {T. K. Leen and T. G. Dietterich and V. Tresp},
pages = {556--562},
year = {2001},
publisher = {MIT Press},
url = {http://papers.nips.cc/paper/1861-algorithms-for-non-negative-matrix-factorization.pdf}
}